 @book{steam-generation,
      title  = "Steam Generation from Biomass",
      author = "ESA KARI VAKKILAINEN",
      note   = "",
} 
 @book{bioeth,
      title  = "Production of bioethanol and other bio-based materials from sugarcane bagasse: Integration to conventional bioethanol production process",
      author = "Marina O.S. Diasa, Adriano V. Ensinasa, Silvia A. Nebra, Rubens Maciel Filho, Carlos E.V. Rossell, Maria Regina Wolf Maciel",
      note   = "",
      year   = "2009"
} 
