 @online{weighted-decision-matrix:2018,
      title  = "Weighted Decision Matrix",
      author = "Fil Salustri",
      note   = "\url{https://deseng.ryerson.ca/dokuwiki/design:weighted_decision_matrix}",
      year   = "June 23, 2018 (accessed February 8, 2019)"
} 
    
@book{morphological-analysis-2014,
      title = {Mechanical Design Engineering Handbook},
      author = {Peter R.N. Childs},
      pages = 77,
      year = 2014,
      publisher = {Elsevier},
}
@book{kopka2003guide,
  title        = {Guide to LaTeX (Adobe Reader)},
  author       = {Kopka, H. and Daly, P.W.},
  isbn         = 9780321617743,
  year         = 2003,
  publisher    = {Pearson Education}
}

    % title   = {Mechanical Design Engineering Handbook},
    % author  ={Peter R.N. Childs},
    % page  ={77},
    % year={2014}