@article{2018:Injection,
    title  = "Injection Moulding",
    author = "",
    note   = "\url{"https://en.wikipedia.org/wiki/Injection_moulding"}",
    year   = "accessed Dec 13, 2018"
}
