 @manual{display:2015,
      title  = "Seven Segment Display Guide",
      author = "",
      note   = "\url{https://www.electronicshub.org/bcd-7-segment-led-display-decoder-circuit/}",
      year   = "July 6, 2015 (accessed September 22, 2018)"
    } 
    
    @manual{ky40:2015,
      title  = "Keyes: KY-040 Encoder",
      author = "",
      note   = "\url{http://henrysbench.capnfatz.com/henrys-bench/arduino-sensors-and-input/keyes-ky-040-arduino-rotary-encoder-user-manual/}",
      year   = "2015 (accessed September 22, 2018)"
    }